@Article{pagano_trichtler1983,
author = { Marcello { Pagano } and  David  {Tritchler}},
title = {On Obtaining Permutation Distributions in Polynomial Time},
journal = {Journal of the American Statistical Association},
volume = {78},
number = {382},
pages = {435-440},
year  = {1983},
publisher = {Taylor & Francis},
doi = {10.1080/01621459.1983.10477990},
URL = { 
        https://amstat.tandfonline.com/doi/abs/10.1080/01621459.1983.10477990
    
},
eprint = { 
        https://amstat.tandfonline.com/doi/pdf/10.1080/01621459.1983.10477990
    
}
}

@Article{zimmermann1985,
author = { H. {Zimmermann}},
title = {Exact Calculation of Permutational Distributions for Two Independent Samples},
journal = {Biometrical Journal},
volume = {4},
pages = {431-434},
year  = {1985},
doi = {10.1002/bimj.4710270414},
}

@article{segal2018fast,
  title={Fast approximation of small p-values in permutation tests by partitioning the permutations},
  author={Segal, Brian D and Braun, Thomas and Elliott, Michael R and Jiang, Hui},
  journal={Biometrics},
  volume={74},
  number={1},
  pages={196--206},
  year={2018},
  publisher={Wiley Online Library}
}

@inproceedings{lam2015numba,
  title={Numba: A llvm-based python jit compiler},
  author={Lam, Siu Kwan and Pitrou, Antoine and Seibert, Stanley},
  booktitle={Proceedings of the Second Workshop on the LLVM Compiler Infrastructure in HPC},
  pages={7},
  year={2015},
  organization={ACM}
}
@article{purcell2007plink,
  title={PLINK: a tool set for whole-genome association and population-based linkage analyses},
  author={Purcell, Shaun and Neale, Benjamin and Todd-Brown, Kathe and Thomas, Lori and Ferreira, Manuel AR and Bender, David and Maller, Julian and Sklar, Pamela and De Bakker, Paul IW and Daly, Mark J and others},
  journal={The American journal of human genetics},
  volume={81},
  number={3},
  pages={559--575},
  year={2007},
  publisher={Elsevier}
}
@article{browning2008presto,
  title={PRESTO: rapid calculation of order statistic distributions and multiple-testing adjusted P-values via permutation for one and two-stage genetic association studies},
  author={Browning, Brian L},
  journal={BMC bioinformatics},
  volume={9},
  number={1},
  pages={309},
  year={2008},
  publisher={BioMed Central}
}
@article{dudbridge2008estimation,
  title={Estimation of significance thresholds for genomewide association scans},
  author={Dudbridge, Frank and Gusnanto, Arief},
  journal={Genetic Epidemiology: The Official Publication of the International Genetic Epidemiology Society},
  volume={32},
  number={3},
  pages={227--234},
  year={2008},
  publisher={Wiley Online Library}
}
@article{subramanian2005gene,
  title={Gene set enrichment analysis: a knowledge-based approach for interpreting genome-wide expression profiles},
  author={Subramanian, Aravind and Tamayo, Pablo and Mootha, Vamsi K and Mukherjee, Sayan and Ebert, Benjamin L and Gillette, Michael A and Paulovich, Amanda and Pomeroy, Scott L and Golub, Todd R and Lander, Eric S and others},
  journal={Proceedings of the National Academy of Sciences},
  volume={102},
  number={43},
  pages={15545--15550},
  year={2005},
  publisher={National Academy of Sciences}
}
@article{jeuken2018simple,
  title={A simple null model for inferences from network enrichment analysis},
  author={Jeuken, Gustavo S and K\"{a}ll, Lukas},
  journal={PloS one},
  volume={13},
  number={11},
  pages={e0206864},
  year={2018},
  publisher={Public Library of Science}
}
@article{sul2015accurate,
  title={Accurate and fast multiple-testing correction in eQTL studies},
  author={Sul, Jae Hoon and Raj, Towfique and de Jong, Simone and De Bakker, Paul IW and Raychaudhuri, Soumya and Ophoff, Roel A and Stranger, Barbara E and Eskin, Eleazar and Han, Buhm},
  journal={The American Journal of Human Genetics},
  volume={96},
  number={6},
  pages={857--868},
  year={2015},
  publisher={Elsevier}
}
@article{doerge1996permutation,
  title={Permutation tests for multiple loci affecting a quantitative character},
  author={Doerge, Rebecca W and Churchill, Gary A},
  journal={Genetics},
  volume={142},
  number={1},
  pages={285--294},
  year={1996},
  publisher={Genetics Soc America}
}
@article{routledge1994practicing,
  title={Practicing safe statistics with the mid-p},
  author={Routledge, RD},
  journal={Canadian Journal of Statistics},
  volume={22},
  number={1},
  pages={103--110},
  year={1994},
  publisher={Wiley Online Library}
}


@book{lehmann2008testing,
  title={Testing Statistical Hypotheses},
  author={Lehmann, E.L. and Romano, J.P.},
  isbn={9780387988641},
  lccn={2004051464},
  series={Springer Texts in Statistics},
  url={https://books.google.de/books?id=Y7vSVW3ebSwC},
  year={2008},
  publisher={Springer New York}
}